<?xml version="1.0" encoding="UTF-8"?><collection xmlns="http://www.loc.gov/MARC21/slim"><record><leader>00408nam--2200109-i-4500</leader><controlfield tag="001">000038645</controlfield><controlfield tag="002">20161230</controlfield><controlfield tag="005">20161230201041</controlfield><controlfield tag="008">060222s1000------------r-----000-0-eng-d</controlfield><datafield ind1=" " ind2=" " tag="245"><subfield code="a">Report of the committee on training in health and safety to the authority committee on health and safety united kingdom atomic energy authority. febr.1960</subfield></datafield><datafield ind1=" " ind2=" " tag="260"><subfield code="a">London, Her Majesty`S Stationery Office, 1960, 95p</subfield></datafield><datafield ind1=" " ind2=" " tag="852"><subfield code="a">5658</subfield></datafield></record></collection>